@article{AbramsJCP2006,
  author = {Abrams, Jerry B. and Rosso, Lula and Tuckerman, Mark E.},
  title = {{Efficient and Precise Solvation Free Energies via Alchemical Adiabatic Molecular Dynamics}},
  journal = {J. Chem. Phys.},
  volume = {125},
  number = {7},
  pages = {074115},
  year = {2006},
  doi = {10.1063/1.2232082},
}

@article{AtchadeSS2010,
  author = {Atchad\'{e}, Yves F. and Liu, Jun S.},
  title = {{The Wang-Landau Algorithm in General State Spaces: Applications and Convergence Analysis}},
  journal = {Stat. Sinica},
  number = {1},
  pages = {209--233},
  volume = {20},
  year = {2010}
}

@article{BarducciPRL2008,
  author = {Barducci, Alessandro and Bussi, Giovanni and Parrinello, Michele},
  title = {{Well-Tempered Metadynamics: A Smoothly Converging and Tunable Free-Energy Method}},
  journal = {Phys. Rev. Lett.},
  volume = {100},
  pages = {020603},
  year = {2008},
  doi = {10.1103/PhysRevLett.100.020603},
}

@article{BarducciWCMS2011,
  author = {Barducci, Alessandro and Bonomi, Massimiliano and Parrinello, Michele},
  title = {{Metadynamics}},
  journal = {WIRES Comput. Mol. Sci.},
  volume = {1},
  number = {5},
  pages = {826--843},
  year = {2011},
  doi = {10.1002/wcms.31},
}

@article{BelardinelliPRE2007,
  author = {Belardinelli, R. E. and Pereyra, V. D.},
  title = {{Fast Algorithm to Calculate Density of States}},
  journal = {Phys. Rev. E},
  volume = {75},
  pages = {046701},
  year = {2007},
  doi = {10.1103/PhysRevE.75.046701},
}

@article{BernardiBBA2015,
  author = {Bernardi, Rafael C. and Melo, Marcelo C.R. and Schulten, Klaus},
  title = {{Enhanced Sampling Techniques in Molecular Dynamics Simulations of Biological Systems}},
  journal = {Biochim. Biophys. Acta},
  volume = {1850},
  number = {5},
  pages = {872-877},
  year = {2015},
  doi = {https://doi.org/10.1016/j.bbagen.2014.10.019},
}

@article{BennettJComputPhys1976,
  author = {Bennett, Charles H.},
  title = {{Efficient Estimation of Free Energy Differences from Monte Carlo Data}},
  journal = {J. Comput. Phys.},
  volume = {22},
  number = {2},
  pages = {245--268},
  year = {1976},
  doi = {http://dx.doi.org/10.1016/0021-9991(76)90078-4},
}

@book{BerendsenBook2011,
  author = {Berendsen, Herman J. C.},
  title = {{A Student's Guide to Data and Error Analysis}}, 
  publisher = {Cambridge University Press},
  address = {Cambridge},
  year = {2011},
  ISBN = {978-0521134927},
}

@article{BlondelJCC2004,
  author = {Blondel, Arnaud},
  title = {{Ensemble Variance in Free Energy Calculations by Thermodynamic Integration: Theory, Optimal ``Alchemical'' Path, and Practical Solutions}},
  journal = {J. Comput. Chem.},
  volume = {25},
  number = {7},
  pages = {985-993},
  doi = {https://doi.org/10.1002/jcc.20025},
  year = {2004}
}

@article{BussiPRL2006,
  author = {Bussi, Giovanni and Laio, Alessandro and Parrinello, Michele},
  title = {{Equilibrium Free Energies from Nonequilibrium Metadynamics}},
  journal = {Phys. Rev. Lett.},
  volume = {96},
  pages = {090601},
  year = {2006},
  doi = {10.1103/PhysRevLett.96.090601},
}


@article{CarterCPL1989,
  author = {Carter, E. A. and Ciccotti, Giovanni and Hynes, James T. and Kapral, Raymond},
  title = {{Constrained Reaction Coordinate Dynamics for the Simulation of Rare Events}},
  journal = {Chem. Phys. Lett.},
  volume = {156},
  number = {5},
  pages = {472--477},
  year = {1989},
  doi = {https://doi.org/10.1016/S0009-2614(89)87314-2},
}

@article{ChenCOSB2022,
  author = {Chen, Haochuan and Chipot, Christophe},
  title = {{Enhancing Sampling with Free-energy Calculations}},
  journal = {Curr. Opin. Struct. Biol.},
  volume = {77},
  pages = {102497},
  year = {2022},
  doi = {https://doi.org/10.1016/j.sbi.2022.102497},
}

@article{ChoderaJCP2011,
  author = {Chodera, John D. and Shirts, Michael R.},
  title = {{Replica Exchange and Expanded Ensemble Simulations as Gibbs Sampling: Simple Improvements for Enhanced Mixing}},
  journal = {J. Chem. Phys.},
  volume = {135},
  number = {19},
  pages = {194110},
  year = {2011},
  doi = {10.1063/1.3660669},
}

@article{ChoderaJCTC2007,
  author = {Chodera, John D. and Swope, William C. and Pitera, Jed W. and Seok, Chaok and Dill, Ken A.},
  title = {{Use of the Weighted Histogram Analysis Method for the Analysis of Simulated and Parallel Tempering Simulations}},
  journal = {J. Chem. Theory Comput.},
  volume = {3},
  number = {1},
  pages = {26--41},
  year = {2007},
}

@article{ChristJCP2007,
  author = {Christ, Clara D. and van Gunsteren, Wilfred F.},
  title = {{Enveloping Distribution Sampling: A Method to Calculate Free Energy Differences from a Single Simulation}},
  journal = {J. Chem. Phys.},
  volume = {126},
  number = {18},
  pages = {184110},
  year = {2007},
  doi = {10.1063/1.2730508},
}

@article{ChristJCP2008,
  author = {Christ, Clara D. and van Gunsteren, Wilfred F.},
  title = {{Multiple Free Energies from a Single Simulation: Extending Enveloping Distribution Sampling to Nonoverlapping Phase-space Distributions}},
  journal = {J. Chem. Phys.},
  volume = {128},
  number = {17},
  pages = {174112},
  year = {2008},
  doi = {10.1063/1.2913050},
}

@article{ChristJCTC2009,
  author = {Christ, Clara D. and van Gunsteren, Wilfred F.},
  title = {{Simple, Efficient, and Reliable Computation of Multiple Free Energy Differences from a Single Simulation: A Reference Hamiltonian Parameter Update Scheme for Enveloping Distribution Sampling (EDS)}},
  journal = {J. Chem. Theory Comput.},
  volume = {5},
  number = {2},
  pages = {276--286},
  year = {2009},
  doi = {10.1021/ct800424v},
}

@article{CiccottiCPC2005,
  author = {Ciccotti, Giovanni and Kapral, Raymond and Vanden-Eijnden, Eric},
  title = {{Blue Moon Sampling, Vectorial Reaction Coordinates, and Unbiased Constrained Dynamics}},
  journal = {ChemPhysChem},
  volume = {6},
  number = {9},
  pages = {1809--1814},
  year = {2005},
  doi = {10.1002/cphc.200400669},
}

@article{CoifmanPNAS2005a,
  author = {Coifman, R. R. and Lafon, S.  and Lee, A. B. and Maggioni, M. and Nadler, B. and Warner, F. and Zucker, S. W.},
  title = {{Geometric Diffusions as a Tool for Harmonic Analysis and Structure Definition of Data: Diffusion Maps}},
  journal = {Proc. Natl. Acad. Sci. U. S. A.}, 
  volume = {102},
  number = {21},
  pages = {7426-7431},
  year = {2005},
  doi = {10.1073/pnas.0500334102},
}

@article{CoifmanPNAS2005b,
  author = {Coifman, R. R. and Lafon, S.  and Lee, A. B. and Maggioni, M. and Nadler, B. and Warner, F. and Zucker, S. W.},
  title = {Geometric Diffusions as a Tool for Harmonic Analysis and Structure Definition of Data: Multiscale Methods},
  journal = {Proc. Natl. Acad. Sci. U. S. A.}, 
  volume = {102},
  number = {21},
  pages = {7432-7437},
  year = {2005},
  doi = {10.1073/pnas.0500896102},
}

@article{CoifmanACHA2006,
  author = {Coifman, Ronald R. and Lafon, St√©phane},
  title = {{Diffusion Maps}},
  journal = {Appl. Comput. Harmon. Anal.},
  volume = {21},
  number = {1},
  pages = {5-30},
  year = {2006},
  doi = {https://doi.org/10.1016/j.acha.2006.04.006},
}

@article{CrooksPRE2000,
  author = {Crooks, Gavin E.},
  title = {{Path-ensemble Averages in Systems Driven Far From Equilibrium}},
  journal = {Phys. Rev. E},
  volume = {61},
  issue = {3},
  pages = {2361--2366},
  year = {2000},
  doi = {10.1103/PhysRevE.61.2361},
}

@article{CrooksJSP1998,
  author = {Crooks, Gavin E.},
  title = {{Nonequilibrium Measurements of Free Energy Differences for Microscopically Reversible Markovian Systems}},
  journal = {J. Statis. Phys.},
  volume = {90},
  pages = {1481},
  year = {1998},
}

@article{DamaPRL2014,
  author = {Dama, James F. and Parrinello, Michele and Voth, Gregory A.},
  title = {{Well-Tempered Metadynamics Converges Asymptotically}},
  journal = {Phys. Rev. Lett.},
  volume = {112},
  pages = {240602},
  year = {2014},
  doi = {10.1103/PhysRevLett.112.240602},
}

@article{DarveJCP2001,
  author = {Darve, Eric and Pohorille, Andrew},
  title = {{Calculating Free Energies Using Average Force}},
  journal = {J. Chem. Phys.},
  volume = {115},
  number = {20},
  pages = {9169--9183},
  year = {2001},
  doi = {10.1063/1.1410978},
}

@article{DarveJCP2008,
  author = {Darve, Eric and Rodr\'{i}guez-G\'{o}mez, David  and Pohorille, Andrew},
  title = {{Adaptive Biasing Force Method for Scalar and Vector Free Energy Calculations}},
  journal = {J. Chem. Phys.},
  volume = {128},
  number = {14},
  pages = {144120},
  year = {2008},
  doi = {10.1063/1.2829861},
}

@article{DecherchiJPCL2023,
  author = {Decherchi, S. and Cavalli, A.},
  title = {{Optimal Transport for Free Energy Estimation}},
  journal = {J. Phys. Chem. Lett.},
  volume = {14},
  number = {6},
  pages = {1618-1625},
  year = {2023},
  doi = {10.1021/acs.jpclett.2c03523},
}

@article{DengJCTC2006,
  author = {Deng, Yuqing and Roux, Beno\^it},
  title = {{Calculation of Standard Binding Free Energies: Aromatic Molecules in the T4 Lysozyme L99A Mutant}},
  journal = {J. Chem. Theory Comput.},
  volume = {2},
  number = {5},
  pages = {1255--1273},
  year = {2006},
  doi = {10.1021/ct060037v},
}

@article{DengJPCB2009,
  author = {Deng, Yuqing and Roux, Beno\^it},
  title = {{Computations of Standard Binding Free Energies with Molecular Dynamics Simulations}},
  journal = {J. Phys. Chem. B},
  volume = {113},
  number = {8},
  pages = {2234--2246},
  year = {2009},
  doi = {10.1021/jp807701h},
}

@article{DingJCTC2019,
  author = {Ding, Xinqiang and Vilseck, Jonah Z. and Brooks, Charles L.},
  title = {{Fast Solver for Large Scale Multistate Bennett Acceptance Ratio Equations}},
  journal = {J. Chem. Theory Comput.},
  volume = {15},
  number = {2},
  pages = {799--802},
  year = {2019},
  doi = {10.1021/acs.jctc.8b01010},
}

@article{DingJPCL2021,
  author = {Ding, Xinqiang and Zhang, Bin},
  title = {{DeepBAR: A Fast and Exact Method for Binding Free Energy Computation}},
  journal = {J. Phys. Chem. Lett.},
  volume = {12},
  pages = {2509-2515},
  year = {2021},
  doi = {10.1021/acs.jpclett.1c00189},
}

@article{EPRB2002,
  author = {E, Weinan and Ren, Weiqing and Vanden-Eijnden, Eric},
  title = {{String Method for the Study of Rare Events}},
  journal = {Phys. Rev. B},
  volume = {66},
  pages = {052301},
  year = {2002},
  doi = {10.1103/PhysRevB.66.052301},
}

@article{EJCP2007,
  author = {E, Weinan and Ren, Weiqing and Vanden-Eijnden, Eric},
  title = {{Simplified and Improved String Method for Computing the Minimum Energy Paths in Barrier-Crossing Events}},
  journal = {J. Chem. Phys.},
  volume = {126},
  number = {16},
  pages = {164103},
  year = {2007},
  doi = {10.1063/1.2720838},
}

@article{FerrenbergPRL1989,
  author = {Ferrenberg, Alan M. and Swendsen, Robert H.},
  title = {{Optimized Monte Carlo Data Analysis}},
  journal = {Phys. Rev. Lett.},
  volume = {63},
  pages = {1195--1198},
  year = {1989},
  doi = {10.1103/PhysRevLett.63.1195},
}

@article{FergusonJCC2017,
  author = {Ferguson, Andrew L.},
  title = {{BayesWHAM: A Bayesian Approach for Free Energy Estimation, Reweighting, and Uncertainty Quantification in the Weighted Histogram Analysis Method}},
  journal = {J. Comput. Chem.},
  volume = {38},
  number = {18},
  pages = {1583--1605},
  year = {2017},
  doi = {10.1002/jcc.24800},
}

@article{FuJCTC2016,
  author = {Fu, Haohao and Shao, Xueguang and Chipot, Christophe and Cai, Wensheng},
  title = {{Extended Adaptive Biasing Force Algorithm. An On-the-Fly Implementation for Accurate Free-Energy Calculations}},
  journal = {J. Chem. Theory Comput.},
  volume = {12},
  number = {8},
  pages = {3506-3513},
  year = {2016},
  doi = {10.1021/acs.jctc.6b00447},
}

@article{GumbartJCTC2013,
  author = {Gumbart, James C. and Roux, Beno\^{i}t and Chipot, Christophe},
  title = {{Standard Binding Free Energies from Computer Simulations: What Is the Best Strategy?}},
  journal = {J. Chem. Theory Comput.},
  volume = {9},
  number = {1},
  pages = {794--802},
  year = {2013},
  doi = {10.1021/ct3008099},
}

@article{GallicchioJPCB2005,
  author = {Gallicchio, Emilio and Andrec, Michael and Felts, Anthony K. and Levy, Ronald M.},
  title = {{Temperature Weighted Histogram Analysis Method, Replica Exchange, and Transition Paths}},
  journal = {J. Phys. Chem. B},
  volume = {109},
  number = {14},
  pages = {6722--6731},
  year = {2005},
  doi = {10.1021/jp045294f},
}

@misc{GeyerTR1994,
  author = {Charles J. Geyer},
  title = {{Estimating Normalizing Constants and Reweighting Mixtures in Markov Chain Monte Carlo}},
  howpublished = {Tech. Rep. (University of Minnesota)},
  year = {1994}
}

@article{GeyerJASA1995,
  author = {Geyer, Charles J. and Thompson, Elizabeth A.},
  title = {{Annealing Markov Chain Monte Carlo with Applications to Ancestral Inference}},
  journal = {J. Am. Stat. Assoc.},
  volume = {90},
  number = {431},
  pages = {909--920},
  year  = {1995},
  doi = {10.1080/01621459.1995.10476590},
}

@article{GibertiJCTC2020,
  author = {Giberti, F. and Cheng, B. and Tribello, G. A. and Ceriotti, M.},
  title = {{Iterative Unbiasing of Quasi-Equilibrium Sampling}},
  journal = {J. Chem. Theory Comput.},
  volume = {16},
  number = {1},
  pages = {100--107},
  year = {2020},
  doi = {10.1021/acs.jctc.9b00907},
}

@article{GilsonBJ1997,
  author = {Gilson, M.K. and Given, J.A. and Bush, B.L. and McCammon, J.A.},
  title = {{The Statistical-thermodynamic Basis for Computation of Binding Affinities: A Critical Review}},
  journal = {Biophys. J.},
  volume = {72},
  number = {3},
  pages = {1047--1069},
  year = {1997},
  doi = {10.1016/S0006-3495(97)78756-3},
}

@article{GreenacreNRMP2022,
  author = {Greenacre, M. and Groenen, P. J. F. and Hastie, T. and D'Enza, A. I. and Markos, A. and Tuzhilina, E.},
  title = {{Principal Component Analysis}},
  journal = {Nat. Rev. Methods Primers},
  volume = {2},
  pages = {100},
  year = {2022},
  DOI = {10.1038/s43586-022-00184-w},
}

@article{GorePNAS2003,
  author = {Gore, Jeff and Ritort, Felix and Bustamante, Carlos},
  title = {{Bias and Error in Estimates of Equilibrium Free-energy Differences from Nonequilibrium Measurements}},
  journal = {Proc. Natl. Acad. Sci. U. S. A.}, 
  volume = {100},
  number = {22},
  pages = {12564--12569},
  year = {2003},
  doi = {10.1073/pnas.1635159100},
}

@article{HabeckPRL2007,
  author = {Habeck, Michael},
  title = {{Bayesian Reconstruction of the Density of States}},
  journal = {Phys. Rev. Lett.},
  volume = {98},
  pages = {200601},
  year = {2007},
  doi = {10.1103/PhysRevLett.98.200601},
}

@article{HabeckPRL2012,
  author = {Habeck, Michael},
  title = {{Bayesian Estimation of Free Energies From Equilibrium Simulations}},
  journal = {Phys. Rev. Lett.},
  volume = {109},
  pages = {100601},
  year = {2012},
  doi = {10.1103/PhysRevLett.109.100601},
}

@article{HahnPRE2009,
  author = {Hahn, A. M. and Then, H.},
  title = {{Using Bijective Maps to Improve Free-energy Estimates}},
  journal = {Phys. Rev. E},
  volume = {79},
  issue = {1},
  pages = {011113},
  year = {2009},
  doi = {10.1103/PhysRevE.79.011113},
}

@article{HamelbergJCP2004,
  author = {Hamelberg, Donald and Mongan, John and McCammon, J. Andrew},
  title = {{Accelerated Molecular Dynamics: A Promising and Efficient Simulation Method for Biomolecules}},
  journal = {J. Chem. Phys.},
  volume = {120},
  number = {24},
  pages = {11919-11929},
  year = {2004},
  doi = {10.1063/1.1755656},
}

@article{HanPRA1992,
  author = {Han, Kyu-Kwang},
  title = {{A New Monte Carlo Method for Estimating Free Energy and Chemical Potential}},
  journal = {Phys. Lett. A},
  volume = {165},
  number = {1},
  pages = {28-32},
  year = {1992},
  doi = {https://doi.org/10.1016/0375-9601(92)91048-V},
}

@article{HansmannJCC1993,
  author = {Hansmann, Ulrich H. E. and Okamoto, Yuko},
  title = {{Prediction of Peptide Conformation by Multicanonical Algorithm: New Approach to the Multiple-Minima Problem}},
  journal = {J. Comput. Chem.},
  volume = {14},
  number = {11},
  pages = {1333--1338},
  year = {1993},
  doi = {10.1002/jcc.540141110},
}

@article{HansmannCPL1997,
  author = {Hansmann, Ulrich H.E.},
  title = {{Parallel Tempering Algorithm for Conformational Studies of Biological Molecules}},
  journal = {Chem. Phys. Lett.},
  volume = {281},
  number = {1},
  pages = {140--150},
  year = {1997},
  doi = {https://doi.org/10.1016/S0009-2614(97)01198-6},
}

@article{HeninLJCMS2022, 
  author = {H{\'e}nin, J{\'e}r{\^o}me and Leli{\`e}vre, Tony and Shirts, Michael R. and Valsson, Omar and Delemotte, Lucie}, 
  title = {{Enhanced Sampling Methods for Molecular Dynamics Simulations [Article v1.0]}}, 
  journal = {Living J. Comput. Mol. Sci.}, 
  volume = {4}, 
  number = {1}, 
  pages = {1583},
  year = {2022}, 
  DOI = {10.33011/livecoms.4.1.1583}
}

@inproceedings{HintonNIPS2002,
 author = {Hinton, Geoffrey E and Roweis, Sam},
 booktitle = {Advances in Neural Information Processing Systems},
 editor = {S. Becker and S. Thrun and K. Obermayer},
 pages = {},
 publisher = {MIT Press},
 title = {{Stochastic Neighbor Embedding}},
 url = {https://proceedings.neurips.cc/paper_files/paper/2002/file/6150ccc6069bea6b5716254057a194ef-Paper.pdf},
 volume = {15},
 year = {2002}
}

@article{HotellingJEP1933,
  author = {Hotelling, Harold},
  title = {{Analysis of a Complex of Statistical Variables into Principal Components}},
  journal = {J. Educ. Psychol.},
  volume = {24},
  issue = {7},
  pages = {498‚Äì520},
  year = {1933}, 
  DOI = {10.1037/h0070888},
}

@article{HummerJCP1996,
  author = {Hummer, Gerhard and Szabo, Attila},
  title = {{Calculation of Free-energy Differences from Computer Simulations of Initial and Final States}},
  journal = {J. Chem. Phys.},
  volume = {105},
  number = {5},
  pages = {2004--2010},
  year = {1996},
  doi = {10.1063/1.472068},
}

@article{HummerPNAS2001,
  author = {Hummer, Gerhard and Szabo, Attila},
  title = {{Free Energy Reconstruction from Nonequilibrium Single-molecule Pulling Experiments}},
  journal = {Proc. Natl. Acad. Sci. U. S. A.}, 
  volume = {98},
  number = {7},
  pages = {3658--3661},
  year = {2001},
  doi = {10.1073/pnas.071034098},
}

@article{HyvarinenNN2000,
  author = {Hyv\"arinen, A. and Oja, E.},
  title = {{Independent Component Analysis: Algorithms and Applications}},
  journal = {Neural Netw.},
  volume = {13},
  number = {4},
  pages = {411-430},
  year = {2000},
  doi = {https://doi.org/10.1016/S0893-6080(00)00026-5},
}

@article{IzamanWIREsCS2012,
  author = {Izenman, Alan Julian},
  title = {{Introduction to Manifold Learning}},
  journal = {Wiley Interdiscip. Rev. Comput. Stat.},
  volume = {4},
  number = {5},
  pages = {439-446},
  doi = {https://doi.org/10.1002/wics.1222},
  year = {2012}
}

@article{JangPRL2003,
  author = {Jang, Soonmin and Shin, Seokmin and Pak, Youngshang},
  title = {{Replica-exchange Method Using the Generalized Effective Potential}},
  journal = {Phys. Rev. Lett.},
  volume = {91},
  pages = {058305},
  year = {2003},
  doi = {10.1103/PhysRevLett.91.058305},
}

@article{JarzynskiPRL1997,
  author = {Jarzynski, Christopher},
  title = {{Nonequilibrium Equality for Free Energy Differences}},
  journal = {Phys. Rev. Lett.},
  volume = {78},
  pages = {2690},
  year = {1997},
}

@article{JarzynskiPRE1997,
  author = {Jarzynski, C.},
  title = {{Equilibrium Free-energy Differences from Nonequilibrium Measurements: A Master-equation Approach}},
  journal = {Phys. Rev. E},
  volume = {56},
  pages = {5018--5035},
  year = {1997},
  month = {Nov},
  doi = {10.1103/PhysRevE.56.5018},
}


@article{JarzynskiPRE2002,
  author = {Jarzynski, Christopher},
  title = {{Targeted Free Energy Perturbation}},
  journal = {Phys. Rev. E},
  volume = {65},
  pages = {046122},
  year = {2002},
  doi = {10.1103/PhysRevE.65.046122},
}


@article{JarzynskiPRE2006,
  author = {Jarzynski, Christopher},
  title = {{Rare Events and the Convergence of Exponentially Averaged Work Values}},
  journal = {Phys. Rev. E},
  volume = {73},
  pages = {046105},
  year = {2006},
  doi = {10.1103/PhysRevE.73.046105},
}

@article{JorgensenJCTC2008,
  author = {Jorgensen, William L. and Thomas, Laura L.},
  title = {{Perspective on Free-Energy Perturbation Calculations for Chemical Equilibria}},
  journal = {J. Chem. Theory Comput.},
  volume = {4},
  number = {6},
  pages = {869--876},
  year = {2008},
  doi = {10.1021/ct800011m},
}

@article{KaestnerJCP2005,
  author = {K\"astner, Johannes and Thiel, Walter},
  title = {{Bridging the Gap between Thermodynamic Integration and Umbrella Sampling Provides a Novel Analysis Method: ``Umbrella Integration''}},
  journal = {J. Chem. Phys.},
  volume = {123},
  number = {14},
  pages = {144104},
  year = {2005},
  doi = {10.1063/1.2052648},
}

@article{KaestnerJCP2006,
  author = {K\"astner, Johannes and Thiel, Walter},
  title = {{Analysis of the Statistical Error in Umbrella Sampling Simulations by Umbrella Integration}},
  journal = {J. Chem. Phys.},
  volume = {124},
  number = {23},
  pages = {234106},
  year = {2006},
  doi = {10.1063/1.2206775},
}

@article{KaestnerJCP2012,
  author = {K\"astner, Johannes},
  title = {{Umbrella Integration with Higher-Order Correction Terms}},
  journal = {J. Chem. Phys.},
  volume = {136},
  number = {23},
  pages = {234102},
  year = {2012},
  doi = {10.1063/1.4729373},
}

@Article{KamenikPCCP2022,
  author = {Kamenik, Anna S. and Linker, Stephanie M. and Riniker, Sereina},
  title = {{Enhanced Sampling without Borders: On Global Biasing Functions and How to Reweight Them}},
  journal = {Phys. Chem. Chem. Phys.},
  year = {2022},
  volume = {24},
  pages = {1225--1236},
  doi = {10.1039/D1CP04809K},
}

@article{KirkwoodJCP1935,
  author = {Kirkwood, John G.},
  title = {{Statistical Mechanics of Fluid Mixtures}},
  journal = {J. Chem. Phys.},
  volume = {3},
  number = {5}, 
  pages = {300--313},
  year = {1935},
}

@article{KnightJCC2009,
  author = {Knight, Jennifer L. and Brooks, Charles L.},
  title = {{$\lambda$-Dynamics Free Energy Simulation Methods}},
  journal = {J. Comput. Chem.},
  volume = {30},
  number = {11},
  pages = {1692--1700},
  year = {2009},
  doi = {10.1002/jcc.21295},
}

@article{KongJCP1996,
  author = {Kong, Xianjun and Brooks III, Charles L.},
  title = {{$\lambda$-dynamics: A New Approach to Free Energy Calculations}},
  journal = {J. Chem. Phys.},
  volume = {105},
  number = {6},
  pages = {2414--2423},
  year = {1996},
  doi = {10.1063/1.472109},
}

@article{KonigJCIM2020,
  author = {K\"onig, Gerhard and Glaser, Nina and Schroeder, Benjamin and Kubincov\'a, Al\v{z}beta and H\"unenberger, Philippe H. and Riniker, Sereina},
  title = {{An Alternative to Conventional $\lambda$-Intermediate States in Alchemical Free Energy Calculations: $\lambda$-Enveloping Distribution Sampling}},
  journal = {J. Chem. Inf. Model.},
  volume = {60},
  number = {11},
  pages = {5407-5423},
  year = {2020},
  doi = {10.1021/acs.jcim.0c00520},
}

@article{KlimovichJCAMD2015,
  author = {Klimovich, Pavel V. and Shirts, Michael R. and Mobley, David L.},
  title = {{Guidelines for the Analysis of Free Energy Calculations}},
  journal = {J. Comput. Aided Mol. Des.},
  volume = {29},
  number = {5},
  pages = {397--411},
  year = {2015},
  doi = {10.1007/s10822-015-9840-9},
}

@article{LaioPNAS2002,
  author = {Laio, Alessandro and Parrinello, Michele}, 
  title = {{Escaping Free-energy Minima}},
  journal = {Proc. Natl. Acad. Sci. U. S. A.}, 
  volume = {99}, 
  number = {20}, 
  pages = {12562--12566}, 
  year = {2002}, 
  doi = {10.1073/pnas.202427399}, 
}

@article{LeeJCTC2014,
  author = {Lee, Juyong and Miller, Benjamin T. and Damjanovi\'c, Ana and Brooks, Bernard R.},
  title = {{Constant pH Molecular Dynamics in Explicit Solvent with Enveloping Distribution Sampling and Hamiltonian Exchange}},
  journal = {J. Chem. Theory Comput.},
  volume = {10},
  number = {7},
  pages = {2738--2750},
  year = {2014},
  doi = {10.1021/ct500175m},
}

@article{LeitoldJCP2020,
  author = {Leitold, Christian and Mundy, Christopher J. and Baer, Marcel D. and Schenter, Gregory K. and Peters, Baron},
  title = {{Solvent Reaction Coordinate for an $\mathrm{S_N2}$ Reaction}},
  journal = {J. Chem. Phys.},
  volume = {153},
  number = {2},
  pages = {024103},
  year = {2020},
  doi = {10.1063/5.0002766},
}

@article{LesageJPCB2017,
  author = {Lesage, Adrien and Leli\`{e}vre, Tony and Stoltz, Gabriel and H\'{e}nin, J\'{e}r\^{o}me},
  title = {{Smoothed Biasing Forces Yield Unbiased Free Energies with the Extended-System Adaptive Biasing Force Method}},
  journal = {J. Phys. Chem. B},
  volume = {121},
  number = {15},
  pages = {3676-3685},
  year = {2017},
  doi = {10.1021/acs.jpcb.6b10055},
}

@article{LiangJASA2007,
  author = {Liang, Faming and Liu, Chuanhai and Carroll, Raymond J.},
  title = {{Stochastic Approximation in Monte Carlo Computation}},
  journal = {J. Am. Stat. Assoc.},
  volume = {102},
  number = {477},
  pages = {305--320},
  year  = {2007},
  doi = {10.1198/016214506000001202},
}

@article{LidmarPRE2012,
  author = {Lidmar, Jack},
  title = {{Improving the Efficiency of Extended Ensemble Simulations: The Accelerated Weight Histogram Method}},
  journal = {Phys. Rev. E},
  volume = {85},
  issue = {5},
  pages = {056708},
  year = {2012},
  doi = {10.1103/PhysRevE.85.056708},
}

@article{LindahlJCP2014,
  author = {Lindahl, V. and Lidmar, J. and Hess, B.},
  title = {{Accelerated Weight Histogram Method for Exploring Free Energy Landscapes}},
  journal = {J. Chem. Phys.},
  volume = {141},
  number = {4},
  pages = {044110},
  year = {2014},
  doi = {10.1063/1.4890371},
}

@article{LuJCP2001,
  author = {Lu, Nandou and Kofke, David A.},
  title = {{Accuracy of Free-Energy Perturbation Calculations in Molecular Simulation. I. Modeling}},
  journal = {J. Chem. Phys.},
  volume = {114},
  number = {17},
  pages = {7303--7311},
  year = {2001},
  doi = {10.1063/1.1359181},
}


@article{LundborgJCP2021,
  author = {Lundborg, M. and Lidmar, J. and Hess, B.},
  title = {{The Accelerated Weight Histogram Method for Alchemical Free Energy Calculations}},
  journal = {J. Chem. Phys.},
  volume = {154},
  number = {20},
  pages = {204103},
  year = {2021},
  doi = {10.1063/5.0044352},
}

@article{LyubartsevJCP1992,
  author = {Lyubartsev, A. P. and Martsinovski, A. A. and Shevkunov, S. V. and Vorontsov-Velyaminov, P. N.},
  title = {{New Approach to Monte Carlo Calculation of the Free Energy: Method of Expanded Ensembles}},
  journal = {J. Chem. Phys.},
  volume = {96},
  number = {3},
  pages = {1776--1783},
  year = {1992},
  doi = {10.1063/1.462133},
}

@article{MaraglianoCPL2006,
  author = {Maragliano, Luca and Vanden-Eijnden, Eric},
  title = {{A Temperature Accelerated Method for Sampling Free Energy and Determining Reaction Pathways in Rare Events Simulations}},
  journal = {Chem. Phys. Lett.},
  volume = {426},
  number = {1},
  pages = {168-175},
  year = {2006},
  doi = {https://doi.org/10.1016/j.cplett.2006.05.062},
}

@article{MarinariEPL1992,
  author = {Marinari, E. and Parisi, G.},
  title = {{Simulated Tempering: A New Monte Carlo Scheme}},
  journal = {Europhys. Lett.},
  volume = {19},
  number = {6},
  pages = {451--458},
  year = {1992},
  doi = {10.1209/0295-5075/19/6/002},
}

@article{MengJCTC2010,
  author = {Meng, Yilin and Roitberg, Adrian E.},
  title = {{Constant pH Replica Exchange Molecular Dynamics in Biomolecules Using a Discrete Protonation Model}},
  journal = {J. Chem. Theory Comput.},
  volume = {6},
  number = {4},
  pages = {1401--1412},
  year = {2010},
  doi = {10.1021/ct900676b},
}

@article{MiaoJCTC2015,
  author = {Miao, Yinglong and Feher, Victoria A. and McCammon, J. Andrew},
  title = {{Gaussian Accelerated Molecular Dynamics: Unconstrained Enhanced Sampling and Free Energy Calculation}},
  journal = {J. Chem. Theory Comput.},
  volume = {11},
  number = {8},
  pages = {3584-3595},
  year = {2015},
  doi = {10.1021/acs.jctc.5b00436},
}

@article{MiaoJCTC2014,
  author = {Miao, Yinglong and Sinko, William and Pierce, Levi and Bucher, Denis and Walker, Ross C. and McCammon, J. Andrew},
  title = {{Improved Reweighting of Accelerated Molecular Dynamics Simulations for Free Energy Calculation}},
  journal = {J. Chem. Theory Comput.},
  volume = {10},
  number = {7},
  pages = {2677-2689},
  year = {2014},
  doi = {10.1021/ct500090q},
}

@article{MordasiniJPCB2000,
  author = {Mordasini, Tiziana Z. and McCammon, J. Andrew},
  title = {{Calculations of Relative Hydration Free Energies: A Comparative Study Using Thermodynamic Integration and an Extrapolation Method Based on a Single Reference State}},
  journal = {J. Phys. Chem. B},
  number = {2},
  pages = {360--367},
  volume = {104},
  year = {2000},
  doi = {10.1021/jp993102o},
}

@article{NielsJCTC2014,
  author = {Hansen, Niels and van Gunsteren, Wilfred F.},
  title = {{Practical Aspects of Free-Energy Calculations: A Review}},
  journal = {J. Chem. Theory Comput.},
  volume = {10},
  number = {7},
  pages = {2632--2647},
  year = {2014},
  doi = {10.1021/ct500161f},
}

@article{PaliwalJCTC2011,
  author = {Paliwal, Himanshu and Shirts, Michael R.},
  title = {{A Benchmark Test Set for Alchemical Free Energy Transformations and Its Use to Quantify Error in Common Free Energy Methods}},
  journal = {J. Chem. Theory Comput.},
  volume = {7},
  number = {12},
  pages = {4115--4134},
  year = {2011},
  doi = {10.1021/ct2003995},
}

@article{PearlmanJCP1989,
  author = {Pearlman, David A. and Kollman, Peter A.},
  title = {{The Lag between the Hamiltonian and the System Configuration in Free Energy Perturbation Calculations}},
  journal = {J. Chem. Phys.},
  volume = {91},
  number = {12},
  pages = {7831--7839},
  year = {1989},
  doi = {10.1063/1.457251},
}

@article{RadakJCP2019,
  author = {Radak, Brian K.},
  title = {{Finite-Sample Bias in Free Energy Bridge Estimators}},
  journal = {J. Chem. Phys.},
  volume = {151},
  number = {3},
  pages = {034105},
  year = {2019},
  doi = {10.1063/1.5097384},
}

@article{RoweisScience2000,
  author = {Roweis, Sam T. and Saul, Lawrence K.},
  title = {{Nonlinear Dimensionality Reduction by Locally Linear Embedding}},
  journal = {Science},
  volume = {290},
  number = {5500},
  pages = {2323-2326},
  year = {2000},
  doi = {10.1126/science.290.5500.2323},
}

@article{ShingMolPhys1982,
  author = {Shing, K. S. and Gubbins, K. E.},
  title = {{The Chemical Potential in Dense Fluids and Fluid Mixtures via Computer Simulation}},
  journal = {Mol. Phys.},
  volume = {46},
  number = {5},
  pages = {1109--1128},
  year  = {1982},
  doi = {10.1080/00268978200101841},
}

@misc{ShirtsarXiv2017,
  author = {Shirts, Michael R.},
  title = {{Reweighting from the Mixture Distribution as a Better Way to Describe the Multistate Bennett Acceptance Ratio}},
  howpublished = {arXiv.org},
  pages = {1704.00891},
  year = {2017},
  note = {https://arxiv.org/abs/1704.00891},
}


@article{ShirtsJCP2005,
  author = {Shirts, Michael R. and Pande, Vijay S.},
  title = {{Comparison of Efficiency and Bias of Free Energies Computed by Exponential Averaging, the Bennett Acceptance Ratio, and Thermodynamic Integration}},
  journal = {J. Chem. Phys.},
  volume = {122},
  number = {14},
  pages = {144107},
  year = {2005},
  doi = {10.1063/1.1873592},
}

@article{ShirtsJCP2008,
  author = {Shirts, Michael R. and Chodera, John D.},
  title = {{Statistically Optimal Analysis of Samples from Multiple Equilibrium States}},
  journal = {J. Chem. Phys.},
  volume = {129},
  number = {12},
  pages = {124105},
  year = {2008},
  doi = {10.1063/1.2978177},
}

@article{ShirtsPRL2003,
  author = {Shirts, Michael R. and Bair, Eric and Hooker, Giles and Pande, Vijay S.},
  title = {{Equilibrium Free Energies from Nonequilibrium Measurements Using Maximum-Likelihood Methods}},
  journal = {Phys. Rev. Lett.},
  volume = {91},
  issue = {14},
  pages = {140601},
  year = {2003},
  doi = {10.1103/PhysRevLett.91.140601},
}

@article{SouailleCPC2001,
  author = {Souaille, Marc and Roux, Beno\^it},
  title = {{Extension to the Weighted Histogram Analysis Method: Combining Umbrella Sampling with Free Energy Calculations}},
  journal = {Comput. Phys. Commun.},
  pages = {40--57},
  volume = {135},
  year = {2001},
  doi = {Doi 10.1016/S0010-4655(00)00215-0},
}

@article{SugitaCPL1999,
  author = {Sugita, Yuji and Okamoto, Yuko},
  title = {{Replica-exchange Molecular Dynamics Method for Protein Folding}},
  journal = {Chem. Phys. Lett.},
  volume = {314},
  number = {1},
  pages = {141--151},
  year = {1999},
  doi = {http://dx.doi.org/10.1016/S0009-2614(99)01123-9},
}

@article{SwansonBJ2004,
  author = {Swanson, Jessica M.J. and Henchman, Richard H. and McCammon, J. Andrew},
  title = {{Revisiting Free Energy Calculations: A Theoretical Connection to MM/PBSA and Direct Calculation of the Association Free Energy}},
  journal = {Biophys. J.},
  volume = {86},
  number = {1},
  pages = {67--74},
  year = {2004},
  doi = {10.1016/S0006-3495(04)74084-9},
}

@article{TanJCGS2017,
  author = {Tan, Zhiqiang},
  title = {{Optimally Adjusted Mixture Sampling and Locally Weighted Histogram Analysis}},
  journal = {J. Comput. Graph. Stat.},
  volume = {26},
  number = {1},
  pages = {54--65},
  year  = {2017},
  doi = {10.1080/10618600.2015.1113975},
}

}
@article{TanJCP2012,
  author = {Tan, Zhiqiang and Gallicchio, Emilio and Lapelosa, Mauro and Levy, Ronald M.},
  title = {{Theory of Binless Multi-state Free Energy Estimation with Applications to Protein--Ligand Binding}},
  journal = {J. Chem. Phys.},
  volume = {136},
  number = {14},
  pages = {144102},
  year = {2012},
  doi = {10.1063/1.3701175},
}

@article{TenenhaumScience2000,
  author = {Tenenbaum, Joshua B. and de Silva, Vin and Langford, John C.},
  title = {{A Global Geometric Framework for Nonlinear Dimensionality Reduction}},
  journal = {Science},
  volume = {290},
  number = {5500},
  pages = {2319-2323},
  year = {2000},
  doi = {10.1126/science.290.5500.2319},
}

@article{TiwaryJPCB2015,
  author = {Tiwary, Pratyush and Parrinello, Michele},
  title = {{A Time-Independent Free Energy Estimator for Metadynamics}},
  journal = {J. Phys. Chem. B},
  volume = {119},
  number = {3},
  pages = {736--742},
  year = {2015},
  doi = {10.1021/jp504920s},
}

@article{TiwaryJCP2015,
  author = {Tiwary, Pratyush and Dama, James F. and Parrinello, Michele},
  title = {{A Perturbative Solution to Metadynamics Ordinary Differential Equation}},
  journal = {J. Chem. Phys.},
  volume = {143},
  number = {23},
  pages = {234112},
  year = {2015},
  doi = {10.1063/1.4937945},
}

@article{TorrieJComputP1977,
  author = {Torrie, G. M. and Valleau, J. P.},
  title = {{Nonphysical Sampling Distributions in Monte Carlo Free-energy Estimation: Umbrella Sampling}},
  journal = {J. Comput. Phys.},
  volume = {23},
  number = {2},
  pages = {187--199},
  year = {1977},
  doi = {10.1016/0021-9991(77)90121-8},
}

@article{ValssonPRL2014,
  author = {Valsson, Omar and Parrinello, Michele},
  title = {{Variational Approach to Enhanced Sampling and Free Energy Calculations}},
  journal = {Phys. Rev. Lett.},
  volume = {113},
  issue = {9},
  pages = {090601},
  year = {2014},
  doi = {10.1103/PhysRevLett.113.090601},
}

@article{ValssonARPC2016,
  author = {Valsson, Omar and Tiwary, Pratyush and Parrinello, Michele},
  title = {{Enhancing Important Fluctuations: Rare Events and Metadynamics from a Conceptual Viewpoint}},
  journal = {Annu. Rev. Phys. Chem.},
  volume = {67},
  number = {1},
  pages = {159--184},
  year = {2016},
  doi = {10.1146/annurev-physchem-040215-112229},
}

@article{vandermaatenJMLR2008,
  author = {van der Maaten, Laurens and Hinton, Geoffrey},
  title = {{Visualizing Data using t-SNE}},
  journal = {J. Mach. Learn. Res.},
  year = {2008},
  volume = {9},
  number = {86},
  pages = {2579--2605},
}

@article{Vanden-EijndenJCP2009,
  author = {Vanden-Eijnden, Eric and Venturoli, Maddalena},
  title = {{Revisiting the Finite Temperature String Method for the Calculation of Reaction Tubes and Free Energies}},
  journal = {J. Chem. Phys.},
  volume = {130},
  number = {19},
  pages = {194103},
  year = {2009},
  doi = {10.1063/1.3130083},
}

@article{WangPRL2001,
  author = {Wang, Fugao and Landau, D. P.},
  title = {{Efficient, Multiple-Range Random Walk Algorithm to Calculate the Density of States}},
  journal = {Phys. Rev. Lett.},
  volume = {86},
  issue = {10},
  pages = {2050--2053},
  year = {2001},
  doi = {10.1103/PhysRevLett.86.2050},
}

@article{WooPNAS2005,
  author = {Woo, Hyung-June and Roux, Beno\^it}, 
  title = {{Calculation of Absolute Protein--Ligand Binding Free Energy from Computer Simulations}},
  journal = {Proc. Natl. Acad. Sci. U. S. A.}, 
  volume = {102}, 
  number = {19}, 
  pages = {6825--6830}, 
  year = {2005}, 
  doi = {10.1073/pnas.0409005102}, 
}

@article{WuJCP2004,
  author = {Wu, Di and Kofke, David A.},
  title = {{Model for Small-sample Bias of Free-Energy Calculations Applied to Gaussian-Distributed Nonequilibrium Work Measurements}},
  journal = {J. Chem. Phys.},
  volume = {121},
  number = {18},
  pages = {8742--8747},
  year = {2004},
  doi = {10.1063/1.1806413},
}

@article{WuJCP2005,
  author = {Wu, Di and Kofke, David A.},
  title = {{Phase-Space Overlap Measures. I. Fail-Safe Bias Detection in Free Energies Calculated by Molecular Simulation}},
  journal = {J. Chem. Phys.},
  volume = {123},
  number = {5},
  pages = {054103},
  year = {2005},
  doi = {10.1063/1.1992483},
}

@article{WuJCP2014,
  author = {Wu, Hao and Mey, Antonia S. J. S. and Rosta, Edina and No\'{e}, Frank},
  title = {{Statistically Optimal Analysis of State-discretized Trajectory Data from Multiple Thermodynamic States}},
  journal = {J. Chem. Phys.},
  volume = {141},
  number = {21},
  pages = {214106},
  year = {2014},
  doi = {10.1063/1.4902240},
}

@article{WuJPCL2011,
  author = {Wu, Pan and Hu, Xiangqian and Yang, Weitao},
  title = {{$\lambda$-Metadynamics Approach To Compute Absolute Solvation Free Energy}},
  journal = {J. Phys. Chem. Lett.},
  volume = {2},
  number = {17},
  pages = {2099--2103},
  year = {2011},
  doi = {10.1021/jz200808x},
}

@article{YtrebergJCP2006,
  author = {Ytreberg, F. Marty and Swendsen, Robert H. and Zuckerman, Daniel M.},
  title = {{Comparison of Free Energy Methods for Molecular Systems}},
  journal = {J. Chem. Phys.},
  volume = {125},
  number = {18},
  pages = {184114},
  year = {2006},
  doi = {10.1063/1.2378907},
}

@article{ZachariasJCP1994,
  author = {Zacharias, M. and Straatsma, T. P. and McCammon, J. A.},
  title = {{Separation‚Äêshifted Scaling, a New Scaling Method for Lennard‚ÄêJones Interactions in Thermodynamic Integration}},
  journal = {J. Chem. Phys.},
  volume = {100},
  number = {12},
  pages = {9025-9031},
  year = {1994},
  doi = {10.1063/1.466707},
}


@article{ZhangMS2016,
  author = {Zhang, Cheng and Lai, Chun-Liang and Pettitt, B. Montgomery},
  title = {{Accelerating the Weighted Histogram Analysis Method by Direct Inversion in the Iterative Subspace}},
  journal = {Mol. Simulat.},
  volume = {42},
  number = {13},
  pages = {1079--1089},
  year = {2016},
  doi = {10.1080/08927022.2015.1110583},
}

@article{ZhengPNAS2008,
  author = {Zheng, Lianqing and Chen, Mengen and Yang, Wei}, 
  title = {{Random Walk in Orthogonal Space to Achieve Efficient Free-energy Simulation of Complex Systems}},
  journal = {Proc. Natl. Acad. Sci. U. S. A.}, 
  volume = {105}, 
  number = {51}, 
  pages = {20227--20232}, 
  year = {2008}, 
  doi = {10.1073/pnas.0810631106}, 
}

@article{ZhengJCTC2012,
  author = {Zheng, Lianqing and Yang, Wei},
  title = {{Practically Efficient and Robust Free Energy Calculations: Double-Integration Orthogonal Space Tempering}},
  journal = {J. Chem. Theory Comput.},
  volume = {8},
  number = {3},
  pages = {810--823},
  year = {2012},
  doi = {10.1021/ct200726v},
}

@article{ZhuPRL2002,
  author = {Zhu, Zhongwei and Tuckerman, Mark E. and Samuelson, Shane O. and Martyna, Glenn J.},
  title = {{Using Novel Variable Transformations to Enhance Conformational Sampling in Molecular Dynamics}},
  journal = {Phys. Rev. Lett.},
  volume = {88},
  pages = {100201},
  year = {2002},
  doi = {10.1103/PhysRevLett.88.100201},
}

@article{ZwanzigJCP1954,
  author = {Zwanzig, Robert W.},
  title = {{High-Temperature Equation of State by a Perturbation Method. I. Nonpolar Gases}},
  journal = {J. Chem. Phys.},
  number = {8},
  pages = {1420},
  volume = {22},
  year = {1954},
  doi = {10.1063/1.1740409},
}

@article{ZuckermanARB2011,
  author = {Zuckerman, Daniel M.},
  title = {{Equilibrium Sampling in Biomolecular Simulations}},
  journal = {Annu. Rev. Biophys.},
  volume = {40},
  number = {1},
  pages = {41--62},
  year = {2011},
  doi = {10.1146/annurev-biophys-042910-155255},
}

